
@Misc{www-cloudmesh,
  author =       {Gregor von Laszewski},
  title =        {Cloudmesh Web Page},
  howpublished = {Web Page},
  url =          {http://cloudmesh.github.io/client/}
}

@article{BasneyHW05,
  author = {Basney, Jim and Humphrey, Marty and Welch, Von},
  biburl = {http://www.bibsonomy.org/bibtex/2cf70dda6a2b55c26d2f572feda06fc96/dblp},
  date = {2006-12-20},
  description = {dblp},
  ee = {http://dx.doi.org/10.1002/spe.688},
  journal = {Softw., Pract. Exper.},
  keywords = {dblp},
  number = 9,
  pages = {801-816},
  title = {The MyProxy online credential repository.},
  url = {http://dblp.uni-trier.de/db/journals/spe/spe35.html#BasneyHW05},
  volume = 35,
  year = 2005
}


@Misc{yubikey,
  key = 	 {Yubico},
  author = 	 {Yubico.com},
  title = 	 {Yubico Keys},
  howpublished = {Web Page},
  OPTmonth = 	 {},
  OPTyear = 	 {},
  OPTnote = 	 {},
  OPTannote = 	 {},
  url={https://www.yubico.com/products/yubikey-hardware/}
}

@Inbook{Laszewski2007,
  author="Laszewski, Gregor and Hategan, Mihael and Kodeboyina, Deepti",
  editor="Taylor, Ian J.  and Deelman, Ewa and Gannon, Dennis B. and Shields, Matthew",
  chapter="Java CoG Kit Workflow",
  title="Workflows for e-Science: Scientific Workflows for Grids",
  year="2007",
  publisher="Springer London",
  address="London",
  pages="340--356",
  isbn="978-1-84628-757-2",
  doi="10.1007/978-1-84628-757-2_21",
  url="http://dx.doi.org/10.1007/978-1-84628-757-2_21"
}

@INPROCEEDINGS{laszewski09,
author={G. von Laszewski and A. Younge and X. He and K. Mahinthakumar and L. Wang},
booktitle={Cluster Computing and the Grid, 2009. CCGRID '09. 9th IEEE/ACM International Symposium on},
title={Experiment and Workflow Management Using Cyberaide Shell},
year={2009},
pages={568-573},
keywords={application program interfaces;grid computing;middleware;natural sciences computing;workflow management software;Cyberaide Shell;application management;cyber infrastructure;experiment management;grid computing;middleware system;programming language;scientific community;scriptable command line interface;service integration mechanism;steep learning curve;workflow management;Energy management;Environmental management;Grid computing;Middleware;Operating systems;Resource management;Technology management;USA Councils;Usability;Utility programs;Grid;Grid shell;workflow},
doi={10.1109/CCGRID.2009.66},
month={May},}

@INPROCEEDINGS{laszewski10,
author={G. von Laszewski and G. C. Fox and Fugang Wang and A. J. Younge and A. Kulshrestha and G. G. Pike and W. Smith and J. V{\"o}ckler and R. J. Figueiredo and J. Fortes and K. Keahey},
booktitle={Gateway Computing Environments Workshop (GCE), 2010},
title={Design of the FutureGrid experiment management framework},
year={2010},
pages={1-10},
keywords={cloud computing;grid computing;FutureGrid experiment management framework;cloud software stack;grid software stack;software tools;Clouds;Communities;Dynamic scheduling;Hardware;Home appliances;Middleware;Software},
doi={10.1109/GCE.2010.5676126},
ISSN={2152-1085},
month={Nov},}



@Misc{www-comet-user-manual,
  key = 	 {Comet},
  author = 	 {SDSC},
  title = 	 {Comet User Guide},
  OPThowpublished = {},
  OPTmonth = 	 {},
  OPTyear = 	 {},
  OPTnote = 	 {},
  OPTannote = 	 {},
  url={http://www.sdsc.edu/support/user_guides/comet.html}
}


@Misc{www-cloudmesh-client-github,
  OPTkey = 	 {},
  author = 	 {Gregor von Laszewski and Fugang Wang},
  title = 	 {Cloudmesh Client Source Code},
  OPThowpublished = {},
  OPTmonth = 	 {},
  OPTyear = 	 {},
  OPTnote = 	 {},
  OPTannote = 	 {},
  url={https://github.com/cloudmesh/client.git}
}


@Misc{ossurvey2016,
  OPTkey = 	 {},
  author = 	 {openstack.org},
  title = 	 {Openstack User Survey},
  OPThowpublished = {},
  OPTmonth = 	 {},
  OPTyear = 	 {},
  OPTnote = 	 {},
  OPTannote = 	 {},
  url={http://www.openstack.org/assets/survey/April-2016-User-Survey-Report.pdf}

}

@Misc{www-rocks,
  OPTkey = 	 {},
  OPTauthor = 	 {SDSC},
  title = 	 {Rocks Cluster},
  OPThowpublished = {},
  OPTmonth = 	 {},
  OPTyear = 	 {},
  OPTnote = 	 {},
  OPTannote = 	 {},
  url={http://www.rocksclusters.org/}
}

@Misc{www-xcat,
  key = 	 {xcat},
  OPTauthor = 	 {},
  title = 	 {Extreme Cluster/Cloud Administration Toolkit},
  OPThowpublished = {},
  OPTmonth = 	 {},
  OPTyear = 	 {},
  OPTnote = 	 {},
  OPTannote = 	 {},
  url={https://xcat.org/}
}

@Misc{www-warewolf,
  key = 	 {Warewolf},
  author = 	 {LBNL},
  title = 	 {Warewolf},
  OPThowpublished = {},
  OPTmonth = 	 {},
  OPTyear = 	 {},
  OPTnote = 	 {},
  OPTannote = 	 {},
  url={http://warewulf.lbl.gov/}
}

@inproceedings{comet14,
 author = {Moore, Richard L. and Baru, Chaitan and Baxter, Diane and Fox, Geoffrey C. and Majumdar, Amit and Papadopoulos, Phillip and Pfeiffer, Wayne and Sinkovits, Robert S. and Strande, Shawn and Tatineni, Mahidhar and Wagner, Richard P. and Wilkins-Diehr, Nancy and Norman, Michael L.},
 title = {Gateways to Discovery: Cyberinfrastructure for the Long Tail of Science},
 booktitle = {Proceedings of the 2014 Annual Conference on Extreme Science and Engineering Discovery Environment},
 series = {XSEDE '14},
 year = {2014},
 isbn = {978-1-4503-2893-7},
 location = {Atlanta, GA, USA},
 pages = {39:1--39:8},
 articleno = {39},
 numpages = {8},
 url = {http://doi.acm.org/10.1145/2616498.2616540},
 doi = {10.1145/2616498.2616540},
 acmid = {2616540},
 publisher = {ACM},
 address = {New York, NY, USA},
 keywords = {GPU, High performance computing, high throughput computing, parallel file system, science gateways, scientific applications, solid-state drive, user support, virtualization},
}


@Misc{caida,
  key = 	 {caida},
  OPTauthor = 	 {},
  title = 	 {CAIDA Hackaton},
  OPThowpublished = {},
  OPTmonth = 	 {},
  OPTyear = 	 {},
  OPTnote = 	 {},
  OPTannote = 	 {},
  url={https://www.caida.org/workshops/bgp-hackathon/1602/}
}


@Misc{ligo,
  key = 	 {ligo},
  author = 	 {},
  OPTtitle = 	 {Ligo},
  OPThowpublished = {},
  OPTmonth = 	 {},
  OPTyear = 	 {},
  OPTnote = 	 {},
  OPTannote = 	 {},
  url={https://www.ligo.caltech.edu/}
}

@Misc{osg,
  key = 	 {osg},
  OPTauthor = 	 {},
  title = 	 {Open Science Grid},
  OPThowpublished = {},
  OPTmonth = 	 {},
  OPTyear = 	 {},
  OPTnote = 	 {},
  OPTannote = 	 {},
  url={http://www.opensciencegrid.org/}
}

@Misc{openstack,
  key = 	 {openstack},
  OPTauthor = 	 {},
  title = 	 {OpenStack},
  OPThowpublished = {},
  OPTmonth = 	 {},
  OPTyear = 	 {},
  OPTnote = 	 {},
  OPTannote = 	 {},
  url={http://www.openstack.org/}
}

@Misc{slurm,
  key = 	 {slurm},
  OPTauthor = 	 {},
  title = 	 {Slurm},
  OPThowpublished = {},
  OPTmonth = 	 {},
  OPTyear = 	 {},
  OPTnote = 	 {},
  OPTannote = 	 {},
  url={http://slurm.schedmd.com/}
}

@inproceedings{sriov,
 author = {Lockwood, Glenn K. and Tatineni, Mahidhar and Wagner, Rick},
 title = {SR-IOV: Performance Benefits for Virtualized Interconnects},
 booktitle = {Proceedings of the 2014 Annual Conference on Extreme Science and Engineering Discovery Environment},
 series = {XSEDE '14},
 year = {2014},
 isbn = {978-1-4503-2893-7},
 location = {Atlanta, GA, USA},
 pages = {47:1--47:7},
 articleno = {47},
 numpages = {7},
 url = {http://doi.acm.org/10.1145/2616498.2616537},
 doi = {10.1145/2616498.2616537},
 acmid = {2616537},
 publisher = {ACM},
 address = {New York, NY, USA},
 keywords = {Parallel computing, cloud computing, infiniband, virtualization},
} 

@Misc{bright,
  key = 	 {bright},
  OPTauthor = 	 {},
  title = 	 {Bright Cluster Manager},
  OPThowpublished = {},
  OPTmonth = 	 {},
  OPTyear = 	 {},
  OPTnote = 	 {},
  OPTannote = 	 {},
  url={http://www.brightcomputing.com/}
}

@Misc{cobbler,
  key = 	 {cobbler},
  OPTauthor = 	 {},
  title = 	 {Cobbler},
  OPThowpublished = {},
  OPTmonth = 	 {},
  OPTyear = 	 {},
  OPTnote = 	 {},
  OPTannote = 	 {},
  url={http://cobbler.github.io/}
}
